@misc{bynens2024urlregex,
	author = {Bynens, Mathias},
	title = {In search of the perfect URL validation regex},
	howpublished = {\url{https://mathiasbynens.be/demo/url-regex}},
	note = {Accessed: 2024-01-15}
}

@article{berlin2023reexperience,
	title={To Re-experience the Web: A Framework for the Transformation and Replay of Archived Web Pages},
	author={Berlin, John and Kelly, Mat and Nelson, Michael L. and Weigle, Michele C.},
	journal={ACM Transactions on the Web (TWEB)},
	volume={17},
	number={4},
	article={28},
	year={2023},
	publisher={ACM},
	url={https://dl.acm.org/doi/10.1145/3589206}
}
