@misc{friedenskirchehurth,
    author = "Wikipedia contributors",
    title = "Friedenskirche (Hürth) - Wikipedia",
    year = "2023",
    url = "\url{https://de.wikipedia.org/wiki/Friedenskirche_(H%C3%BCrth)}",
    note = "[Online; accessed 22-December-2023]"
}

@misc{dankeskirchehurth,
    author = "Wikipedia contributors",
    title = "Dankeskirche (Hürth) - Wikipedia",
    year = "2023",
    url = "\url{https://de.wikipedia.org/wiki/Dankeskirche_(H%C3%BCrth)}",
    note = "[Online; accessed 22-December-2023]"
}

@misc{knapsackhurth,
    author = "Wikipedia contributors",
    title = "Knapsack (Hürth) - Wikipedia",
    year = "2023",
    url = "\url{https://de.wikipedia.org/wiki/Knapsack_(H%C3%BCrth)}",
    note = "[Online; accessed 22-December-2023]"
}

@misc{kraftwerk,
    author = "Wikipedia contributors",
    title = "Kraftwerk - Wikipedia",
    year = "2023",
    url = "\url{https://de.wikipedia.org/wiki/Kraftwerk}",
    note = "[Online; accessed 22-December-2023]"
}
